<record><leader>00000cas a2200000 a 4500</leader><controlfield tag="001">1379259</controlfield><controlfield tag="008">750609d19201959fludn ne      0    0eng d</controlfield><datafield ind1=" " ind2=" " tag="010"><subfield code="a">sn 96027171 </subfield></datafield><datafield ind1=" " ind2=" " tag="040"><subfield code="a">FUL</subfield><subfield code="b">eng</subfield><subfield code="c">FUL</subfield><subfield code="d">FUG</subfield><subfield code="d">DLC</subfield><subfield code="d">OCLCF</subfield></datafield><datafield ind1=" " ind2=" " tag="042"><subfield code="a">msc</subfield></datafield><datafield ind1=" " ind2=" " tag="043"><subfield code="a">n-us-fl</subfield></datafield><datafield ind1="0" ind2="0" tag="245"><subfield code="a">Fort Pierce news-tribune.</subfield></datafield><datafield ind1="3" ind2="0" tag="246"><subfield code="a">Fort Pierce news tribune</subfield></datafield><datafield ind1="1" ind2="3" tag="246"><subfield code="a">News-tribune</subfield></datafield><datafield ind1=" " ind2=" " tag="260"><subfield code="a">Fort Pierce, St. Lucie County, Fla. :</subfield><subfield code="b">The News Print. Co., Inc.,</subfield><subfield code="c">1920-1959.</subfield></datafield><datafield ind1=" " ind2=" " tag="300"><subfield code="a">v.</subfield></datafield><datafield ind1=" " ind2=" " tag="310"><subfield code="a">Daily (except Saturday)</subfield><subfield code="b">&lt;1947&gt;-1959</subfield></datafield><datafield ind1=" " ind2=" " tag="321"><subfield code="a">Semiweekly,</subfield><subfield code="b">1920-&lt;1923&gt;</subfield></datafield><datafield ind1="0" ind2=" " tag="362"><subfield code="a">Vol. 17, no. 14 (Mar. 19, 1920)-v. 56, no. 177 (July 3, 1959).</subfield></datafield><datafield ind1=" " ind2=" " tag="515"><subfield code="a">Jan. 14, 1921 issue incorrectly dated 1920.</subfield></datafield><datafield ind1=" " ind2="0" tag="651"><subfield code="a">Fort Pierce (Fla.)</subfield><subfield code="v">Newspapers.</subfield></datafield><datafield ind1=" " ind2="0" tag="651"><subfield code="a">Saint Lucie County (Fla.)</subfield><subfield code="v">Newspapers.</subfield></datafield><datafield ind1=" " ind2="7" tag="655"><subfield code="a">Newspapers.</subfield><subfield code="2">fast</subfield><subfield code="0">(OCoLC)fst01423814</subfield></datafield><datafield ind1=" " ind2="7" tag="651"><subfield code="a">Florida</subfield><subfield code="z">Fort Pierce.</subfield><subfield code="2">fast</subfield><subfield code="0">(OCoLC)fst01216524</subfield></datafield><datafield ind1=" " ind2="7" tag="651"><subfield code="a">Florida</subfield><subfield code="z">Saint Lucie County.</subfield><subfield code="2">fast</subfield><subfield code="0">(OCoLC)fst01210220</subfield></datafield><datafield ind1=" " ind2=" " tag="752"><subfield code="a">United States</subfield><subfield code="b">Florida</subfield><subfield code="c">Saint Lucie</subfield><subfield code="d">Fort Pierce.</subfield></datafield><datafield ind1="0" ind2="4" tag="780"><subfield code="t">Fort Pierce news</subfield><subfield code="w">(DLC)sn 96027172</subfield><subfield code="w">(OCoLC)34201405</subfield></datafield><datafield ind1="0" ind2="4" tag="780"><subfield code="t">St. Lucie County tribune</subfield><subfield code="w">(DLC)sn 89058426</subfield><subfield code="w">(OCoLC)19867935</subfield></datafield><datafield ind1="0" ind2="0" tag="785"><subfield code="t">News tribune (Fort Pierce, Fla.)</subfield><subfield code="w">(DLC)sn 96027173</subfield><subfield code="w">(OCoLC)34201406</subfield></datafield><datafield ind1=" " ind2=" " tag="850"><subfield code="a">FU</subfield></datafield></record>